@inproceedings{BK03,
  author    = {Mihir Bellare and
               Tadayoshi Kohno},
  title     = {{A Theoretical Treatment of Related-Key Attacks: RKA-PRPs, RKA-PRFs,
               and Applications}},
  booktitle = {{EUROCRYPT} 2003},
  pages     = {491--506},
  year      = {2003},
  crossref  = {DBLP:conf/eurocrypt/2003},
  ee       = {http://dx.doi.org/10.1007/3-540-39200-9_31},
  doi       = {10.1007/3-540-39200-9_31},
  timestamp = {Tue, 05 Jul 2011 11:04:38 +0200},
  biburl    = {http://dblp.uni-trier.de/rec/bib/conf/eurocrypt/BellareK03},
  bibsource = {dblp computer science bibliography, http://dblp.org}
}

@proceedings{DBLP:conf/eurocrypt/2003,
  editor    = {Eli Biham},
  title     = {Advances in Cryptology --- {EUROCRYPT} 2003},
  series    = {Lecture Notes in Computer Science},
  volume    = {2656},
  publisher = {Springer},
  year      = {2003},
  isbn      = {3-540-14039-5},
  timestamp = {Thu, 15 May 2003 13:06:40 +0200},
  biburl    = {http://dblp.uni-trier.de/rec/bib/conf/eurocrypt/2003},
  bibsource = {dblp computer science bibliography, http://dblp.org}
}

@inproceedings{CS15,
  author    = {Benoit Cogliati and
               Yannick Seurin},
  title     = {{On the Provable Security of the Iterated Even-Mansour Cipher Against
               Related-Key and Chosen-Key Attacks}},
  booktitle = {{EUROCRYPT} 2015},
  pages     = {584--613},
  year      = {2015},
  crossref  = {DBLP:conf/eurocrypt/2015-1},
  ee       = {http://dx.doi.org/10.1007/978-3-662-46800-5_23},
  doi       = {10.1007/978-3-662-46800-5_23},
  timestamp = {Tue, 14 Apr 2015 13:51:12 +0200},
  biburl    = {http://dblp.uni-trier.de/rec/bib/conf/eurocrypt/CogliatiS15},
  bibsource = {dblp computer science bibliography, http://dblp.org}
}

@proceedings{DBLP:conf/eurocrypt/2015-1,
  editor    = {Elisabeth Oswald and
               Marc Fischlin},
  title     = {Advances in Cryptology --- {EUROCRYPT} 2015},
  series    = {Lecture Notes in Computer Science},
  volume    = {9056},
  publisher = {Springer},
  year      = {2015},
  ee       = {http://dx.doi.org/10.1007/978-3-662-46800-5},
  doi       = {10.1007/978-3-662-46800-5},
  isbn      = {978-3-662-46799-2},
  timestamp = {Tue, 14 Apr 2015 13:48:42 +0200},
  biburl    = {http://dblp.uni-trier.de/rec/bib/conf/eurocrypt/2015-1},
  bibsource = {dblp computer science bibliography, http://dblp.org}
}

@inproceedings{FP14,
	author    = {Pooya Farshim and
		Gordon Procter},
	title     = {{The Related-Key Security of Iterated Even-Mansour Ciphers}},
	booktitle = {FSE 2015},
	pages     = {342--363},
	year      = {2015},
	crossref  = {DBLP:conf/fse/2015},
	ee       = {http://dx.doi.org/10.1007/978-3-662-48116-5_17},
	doi       = {10.1007/978-3-662-48116-5_17},
	timestamp = {Wed, 12 Aug 2015 12:58:32 +0200},
	biburl    = {http://dblp.uni-trier.de/rec/bib/conf/fse/FarshimP15},
	bibsource = {dblp computer science bibliography, http://dblp.org}
}

@proceedings{DBLP:conf/fse/2015,
	editor    = {Gregor Leander},
	title     = {Fast Software Encryption --- FSE 2015},
	series    = {Lecture Notes in Computer Science},
	volume    = {9054},
	publisher = {Springer},
	year      = {2015},
	ee       = {http://dx.doi.org/10.1007/978-3-662-48116-5},
	doi       = {10.1007/978-3-662-48116-5},
	isbn      = {978-3-662-48115-8},
	timestamp = {Wed, 12 Aug 2015 12:56:31 +0200},
	biburl    = {http://dblp.uni-trier.de/rec/bib/conf/fse/2015},
	bibsource = {dblp computer science bibliography, http://dblp.org}
}

@misc{proest,
  author        = {Elif Bilge Kavun and Martin M. Lauridsen and 
             Gregor Leander and Christian Rechberger and 
             Peter Schwabe and Tolga Yal\c{c}{\i}n},
  title         = {{Pr\o st}},
  howpublished  = {{CAESAR Proposal}},
  year          = {2014},
  ee          = {http://proest.compute.dtu.dk}
}

@misc{minalpher,
  author        = {Yu Sasaki and Yosuke Todo and Kazumaro Aoki and Yusuke Naito
  and Takeshi Sugawara and Yumiko Murakami and Mitsuru Matsui and Shoichi Hirose},
  title         = {{Minalpher}},
  howpublished  = {{CAESAR Proposal}},
  year          = {2014},
  ee          = {https://info.isl.ntt.co.jp/crypt/minalpher/}
}

@inproceedings{DKS12,
  author    = {Orr Dunkelman and
               Nathan Keller and
               Adi Shamir},
  title     = {{Minimalism in Cryptography: The Even-Mansour Scheme Revisited}},
  booktitle = {{EUROCRYPT} 2012},
  pages     = {336--354},
  year      = {2012},
  crossref  = {DBLP:conf/eurocrypt/2012},
  ee       = {http://dx.doi.org/10.1007/978-3-642-29011-4_21},
  doi       = {10.1007/978-3-642-29011-4_21},
  timestamp = {Mon, 16 Apr 2012 15:40:29 +0200},
  biburl    = {http://dblp.uni-trier.de/rec/bib/conf/eurocrypt/DunkelmanKS12},
  bibsource = {dblp computer science bibliography, http://dblp.org}
}

@proceedings{DBLP:conf/eurocrypt/2012,
  editor    = {David Pointcheval and
               Thomas Johansson},
  title     = {Advances in Cryptology --- {EUROCRYPT} 2012},
  series    = {Lecture Notes in Computer Science},
  volume    = {7237},
  publisher = {Springer},
  year      = {2012},
  ee       = {http://dx.doi.org/10.1007/978-3-642-29011-4},
  doi       = {10.1007/978-3-642-29011-4},
  isbn      = {978-3-642-29010-7},
  timestamp = {Mon, 16 Apr 2012 15:36:13 +0200},
  biburl    = {http://dblp.uni-trier.de/rec/bib/conf/eurocrypt/2012},
  bibsource = {dblp computer science bibliography, http://dblp.org}
}

@inproceedings{LED,
  author    = {Jian Guo and
               Thomas Peyrin and
               Axel Poschmann and
               Matthew J. B. Robshaw},
  title     = {{The {LED} Block Cipher}},
  booktitle = {CHES 2011},
  pages     = {326--341},
  year      = {2011},
  crossref  = {DBLP:conf/ches/2011},
  ee       = {http://dx.doi.org/10.1007/978-3-642-23951-9_22},
  doi       = {10.1007/978-3-642-23951-9_22},
  timestamp = {Fri, 30 Sep 2011 07:32:32 +0200},
  biburl    = {http://dblp.uni-trier.de/rec/bib/conf/ches/GuoPPR11},
  bibsource = {dblp computer science bibliography, http://dblp.org}
}

@proceedings{DBLP:conf/ches/2011,
  editor    = {Bart Preneel and
               Tsuyoshi Takagi},
  title     = {Cryptographic Hardware and Embedded Systems --- {CHES} 2011},
  series    = {Lecture Notes in Computer Science},
  volume    = {6917},
  publisher = {Springer},
  year      = {2011},
  ee       = {http://dx.doi.org/10.1007/978-3-642-23951-9},
  doi       = {10.1007/978-3-642-23951-9},
  isbn      = {978-3-642-23950-2},
  timestamp = {Thu, 29 Sep 2011 19:44:26 +0200},
  biburl    = {http://dblp.uni-trier.de/rec/bib/conf/ches/2011},
  bibsource = {dblp computer science bibliography, http://dblp.org}
}

@inproceedings{EM,
  author    = {Shimon Even and
               Yishay Mansour},
  title     = {{A Construction of a Cioher From a Single Pseudorandom Permutation}},
  booktitle = {{ASIACRYPT} '91},
  pages     = {210--224},
  year      = {1991},
  crossref  = {DBLP:conf/asiacrypt/1991},
  ee       = {http://dx.doi.org/10.1007/3-540-57332-1_17},
  doi       = {10.1007/3-540-57332-1_17},
  timestamp = {Mon, 12 Oct 2009 15:06:37 +0200},
  biburl    = {http://dblp.uni-trier.de/rec/bib/conf/asiacrypt/EvenM91},
  bibsource = {dblp computer science bibliography, http://dblp.org}
}

@proceedings{DBLP:conf/asiacrypt/1991,
  editor    = {Hideki Imai and
               Ronald L. Rivest and
               Tsutomu Matsumoto},
  title     = {Advances in Cryptology --- {ASIACRYPT} '91},
  series    = {Lecture Notes in Computer Science},
  volume    = {739},
  publisher = {Springer},
  year      = {1993},
  isbn      = {3-540-57332-1},
  timestamp = {Thu, 03 Jan 2002 11:53:04 +0100},
  biburl    = {http://dblp.uni-trier.de/rec/bib/conf/asiacrypt/1991},
  bibsource = {dblp computer science bibliography, http://dblp.org}
}

@inproceedings{CS14,
  author    = {Shan Chen and
               John P. Steinberger},
  title     = {{Tight Security Bounds for Key-Alternating Ciphers}},
  booktitle = {{EUROCRYPT} 2014},
  pages     = {327--350},
  year      = {2014},
  crossref  = {DBLP:conf/eurocrypt/2014},
  ee       = {http://dx.doi.org/10.1007/978-3-642-55220-5_19},
  doi       = {10.1007/978-3-642-55220-5_19},
  timestamp = {Fri, 02 May 2014 13:38:39 +0200},
  biburl    = {http://dblp.uni-trier.de/rec/bib/conf/eurocrypt/ChenS14},
  bibsource = {dblp computer science bibliography, http://dblp.org}
}

@proceedings{DBLP:conf/eurocrypt/2014,
  editor    = {Phong Q. Nguyen and
               Elisabeth Oswald},
  title     = {Advances in Cryptology --- {EUROCRYPT} 2014},
  series    = {Lecture Notes in Computer Science},
  volume    = {8441},
  publisher = {Springer},
  year      = {2014},
  ee       = {http://dx.doi.org/10.1007/978-3-642-55220-5},
  doi       = {10.1007/978-3-642-55220-5},
  isbn      = {978-3-642-55219-9},
  timestamp = {Fri, 02 May 2014 13:36:39 +0200},
  biburl    = {http://dblp.uni-trier.de/rec/bib/conf/eurocrypt/2014},
  bibsource = {dblp computer science bibliography, http://dblp.org}
}

@inproceedings{M14,
  author    = {Kazuhiko Minematsu},
  title     = {{Parallelizable Rate-1 Authenticated Encryption from Pseudorandom Functions}},
  booktitle = {{EUROCRYPT} 2014},
  pages     = {275--292},
  year      = {2014},
  crossref  = {DBLP:conf/eurocrypt/2014},
  ee       = {http://dx.doi.org/10.1007/978-3-642-55220-5_16},
  doi       = {10.1007/978-3-642-55220-5_16},
  timestamp = {Fri, 02 May 2014 13:38:39 +0200},
  biburl    = {http://dblp.uni-trier.de/rec/bib/conf/eurocrypt/Minematsu14},
  bibsource = {dblp computer science bibliography, http://dblp.org}
}

@inproceedings{PRINCE,
  author    = {Julia Borghoff and
               Anne Canteaut and
               Tim G{\"{u}}neysu and
               Elif Bilge Kavun and
               Miroslav Knezevic and
               Lars R. Knudsen and
               Gregor Leander and
               Ventzislav Nikov and
               Christof Paar and
               Christian Rechberger and
               Peter Rombouts and
               S{\o}ren S. Thomsen and
               Tolga Yal{\c{c}}in},
  title     = {{{PRINCE} - {A} Low-Latency Block Cipher for Pervasive Computing Applications
               - Extended Abstract}},
  booktitle = {{ASIACRYPT} 2012},
  pages     = {208--225},
  year      = {2012},
  crossref  = {DBLP:conf/asiacrypt/2012},
  ee       = {http://dx.doi.org/10.1007/978-3-642-34961-4_14},
  doi       = {10.1007/978-3-642-34961-4_14},
  timestamp = {Tue, 20 Nov 2012 14:23:13 +0100},
  biburl    = {http://dblp.uni-trier.de/rec/bib/conf/asiacrypt/BorghoffCGKKKLNPRRTY12},
  bibsource = {dblp computer science bibliography, http://dblp.org}
}

@proceedings{DBLP:conf/asiacrypt/2012,
  editor    = {Xiaoyun Wang and
               Kazue Sako},
  title     = {Advances in Cryptology --- {ASIACRYPT} 2012},
  series    = {Lecture Notes in Computer Science},
  volume    = {7658},
  publisher = {Springer},
  year      = {2012},
  ee       = {http://dx.doi.org/10.1007/978-3-642-34961-4},
  doi       = {10.1007/978-3-642-34961-4},
  isbn      = {978-3-642-34960-7},
  timestamp = {Tue, 20 Nov 2012 14:20:19 +0100},
  biburl    = {http://dblp.uni-trier.de/rec/bib/conf/asiacrypt/2012},
  bibsource = {dblp computer science bibliography, http://dblp.org}
}

@inproceedings{DBLP:conf/crypto/Mennink16,
	author    = {Bart Mennink},
	title     = {{XPX:} Generalized Tweakable Even-Mansour with Improved Security Guarantees},
	booktitle = {{CRYPTO} 2016},
	pages     = {64--94},
	year      = {2016},
	crossref  = {DBLP:conf/crypto/2016-1},
	ee       = {http://dx.doi.org/10.1007/978-3-662-53018-4_3},
	doi       = {10.1007/978-3-662-53018-4_3},
	timestamp = {Wed, 27 Jul 2016 12:46:24 +0200},
	biburl    = {http://dblp.uni-trier.de/rec/bib/conf/crypto/Mennink16},
	bibsource = {dblp computer science bibliography, http://dblp.org}
}

@proceedings{DBLP:conf/crypto/2016-1,
	editor    = {Matthew Robshaw and
		Jonathan Katz},
	title     = {Advances in Cryptology --- {CRYPTO} 2016},
	series    = {Lecture Notes in Computer Science},
	volume    = {9814},
	publisher = {Springer},
	year      = {2016},
	ee       = {http://dx.doi.org/10.1007/978-3-662-53018-4},
	doi       = {10.1007/978-3-662-53018-4},
	isbn      = {978-3-662-53017-7},
	timestamp = {Wed, 27 Jul 2016 12:44:59 +0200},
	biburl    = {http://dblp.uni-trier.de/rec/bib/conf/crypto/2016-1},
	bibsource = {dblp computer science bibliography, http://dblp.org}
}

@inproceedings{DEM15,
	author    = {Christoph Dobraunig and
		Maria Eichlseder and
			Florian Mendel},
	title     = {{Related-Key Forgeries for Pr{\o}st-OTR}},
	booktitle = {FSE 2015},
	pages     = {282--296},
	year      = {2015},
	crossref  = {DBLP:conf/fse/2015},
	ee       = {http://dx.doi.org/10.1007/978-3-662-48116-5_14},
	doi       = {10.1007/978-3-662-48116-5_14},
	timestamp = {Wed, 12 Aug 2015 12:58:32 +0200},
	biburl    = {http://dblp.uni-trier.de/rec/bib/conf/fse/DobraunigEM15},
	bibsource = {dblp computer science bibliography, http://dblp.org}
}
