@misc{cabforum,
	author = {CA/Browser Forum},
	title = {{Ballot 152 - Issuance of SHA-1 certificates through 2016}},
	howpublished = {Cabforum mailing list},
	ee = {https://cabforum.org/pipermail/public/2015-October/006048.html},
	year={2015}
}

@misc{cabforum2,
	author = {CA/Browser Forum},
	title = {{Ballot 152 - Issuance of SHA-1 certificates through 2016}},
	howpublished = {Cabforum mailing list},
	ee = {https://cabforum.org/pipermail/public/2015-October/006081.html},
	year={2015}
}

@misc{MS_sha,
	author = {Microsoft},
	title = {{SHA-1 Deprecation Update}},
	howpublished = {Microsoft blog},
	ee = {https://blogs.windows.com/msedgedev/2015/11/04/sha-1-deprecation-update/},
	year={2015}

}
@misc{Moz_sha,
	author = {Mozilla},
	title = {{Continuing to Phase Out SHA-1 Certificates}},
	howpublished = {Mozilla Security Blog},
	ee = {https://blog.mozilla.org/security/2015/10/20/continuing-to-phase-out-sha-1-certificates/},
	year={2015}
}

@misc{AmazonEC2,
	author = {Amazon Web Services},
	title = {{Amazon EC2 -- Virtual Server Hosting}},
	howpublished = {aws.amazon.com},
	ee = {https://aws.amazon.com/ec2/},
	year={Retrieved Jan. 2016}
}

@misc{schneierSHA1,
	author = {Bruce Schneier},
	title = {When Will We See Collisions for SHA-1?},
	howpublished = {Schneier on Security},
	ee = {https://www.schneier.com/blog/archives/2012/10/when_will_we_se.html},
	year = {2012}
}

@misc{SSLPulse,
	key = {SSL},
	title = {Survey of the SSL Implementation of the Most Popular Web Sites},
	howpublished = {TIM Trustworthy Internet Movement},
	year = {2015},
	ee = {https://www.trustworthyinternet.org/ssl-pulse/}
}

@inproceedings{DBLP:conf/wcc/MatusiewiczP05,
  author    = {Krystian Matusiewicz and
               Josef Pieprzyk},
  title     = {Finding Good Differential Patterns for Attacks on {SHA-1}},
  booktitle = {WCC 2005},
  pages     = {164--177},
  year      = {2005},
  crossref  = {DBLP:conf/wcc/2005},
  ee       = {http://dx.doi.org/10.1007/11779360_14},
  doi       = {10.1007/11779360_14},
  timestamp = {Wed, 23 May 2007 15:50:38 +0200},
  biburl    = {http://dblp.uni-trier.de/rec/bib/conf/wcc/MatusiewiczP05},
  bibsource = {dblp computer science bibliography, http://dblp.org}
}


@inproceedings{DBLP:conf/ima/PramstallerRR05,
  author    = {Norbert Pramstaller and
               Christian Rechberger and
               Vincent Rijmen},
  title     = {Exploiting Coding Theory for Collision Attacks on {SHA-1}},
  booktitle = {IMA CC 2005},
  pages     = {78--95},
  year      = {2005},
  crossref  = {DBLP:conf/ima/2005},
  ee       = {http://dx.doi.org/10.1007/11586821_7},
  doi       = {10.1007/11586821_7},
  timestamp = {Tue, 08 Nov 2005 08:44:07 +0100},
  biburl    = {http://dblp.uni-trier.de/rec/bib/conf/ima/PramstallerRR05},
  bibsource = {dblp computer science bibliography, http://dblp.org}
}


@inproceedings{DBLP:conf/fse/MendelPRR06a,
  author    = {Florian Mendel and
               Norbert Pramstaller and
               Christian Rechberger and
               Vincent Rijmen},
  title     = {The Impact of Carries on the Complexity of Collision Attacks on {SHA-1}},
  booktitle = {{FSE 2006}},
  pages     = {278--292},
  year      = {2006},
  crossref  = {DBLP:conf/fse/2006},
  ee       = {http://dx.doi.org/10.1007/11799313_18},
  doi       = {10.1007/11799313_18},
  timestamp = {Fri, 15 Dec 2006 15:53:06 +0100},
  biburl    = {http://dblp.uni-trier.de/rec/bib/conf/fse/MendelPRR06a},
  bibsource = {dblp computer science bibliography, http://dblp.org}
}


@inproceedings{DBLP:conf/ctrsa/RijmenO05,
  author    = {Vincent Rijmen and
               Elisabeth Oswald},
  title     = {Update on {SHA-1}},
  booktitle = {{CT-RSA 2005}},
  pages     = {58--71},
  year      = {2005},
  crossref  = {DBLP:conf/ctrsa/2005},
  ee       = {http://dx.doi.org/10.1007/978-3-540-30574-3_6},
  doi       = {10.1007/978-3-540-30574-3_6},
  timestamp = {Mon, 08 Aug 2011 15:22:24 +0200},
  biburl    = {http://dblp.uni-trier.de/rec/bib/conf/ctrsa/RijmenO05},
  bibsource = {dblp computer science bibliography, http://dblp.org}
}


@inproceedings{DBLP:conf/crypto/WangYY05,
  author    = {Xiaoyun Wang and
               Hongbo Yu and
               Yiqun Lisa Yin},
  title     = {Efficient Collision Search Attacks on {SHA-0}},
  booktitle = {{CRYTO 2005}},
  pages     = {1--16},
  year      = {2005},
  crossref  = {DBLP:conf/crypto/2005},
  ee       = {http://dx.doi.org/10.1007/11535218_1},
  doi       = {10.1007/11535218_1},
  timestamp = {Fri, 04 Nov 2005 09:54:52 +0100},
  biburl    = {http://dblp.uni-trier.de/rec/bib/conf/crypto/WangYY05},
  bibsource = {dblp computer science bibliography, http://dblp.org}
}


@inproceedings{DBLP:conf/ccs/YajimaINSSKO08,
  author    = {Jun Yajima and
               Terutoshi Iwasaki and
               Yusuke Naito and
               Yu Sasaki and
               Takeshi Shimoyama and
               Noboru Kunihiro and
               Kazuo Ohta},
  title     = {{A strict evaluation method on the number of conditions for the {SHA-1}
               collision search}},
  booktitle = {{ASIACCS 2008}},
  pages     = {10--20},
  year      = {2008},
  crossref  = {DBLP:conf/ccs/2008asia},
  ee       = {http://doi.acm.org/10.1145/1368310.1368316},
  doi       = {10.1145/1368310.1368316},
  timestamp = {Thu, 15 May 2008 13:06:04 +0200},
  biburl    = {http://dblp.uni-trier.de/rec/bib/conf/ccs/YajimaINSSKO08},
  bibsource = {dblp computer science bibliography, http://dblp.org}
}


@inproceedings{DBLP:conf/crypto/KarpmanPS15,
  author    = {Pierre Karpman and
               Thomas Peyrin and
               Marc Stevens},
  title     = {Practical Free-Start Collision Attacks on 76-step {SHA-1}},
  booktitle = {CRYPTO 2015},
  pages     = {623--642},
  year      = {2015},
  crossref  = {DBLP:conf/crypto/2015-1},
  ee       = {http://dx.doi.org/10.1007/978-3-662-47989-6_30},
  doi       = {10.1007/978-3-662-47989-6_30},
  timestamp = {Mon, 03 Aug 2015 13:28:10 +0200},
  biburl    = {http://dblp.uni-trier.de/rec/bib/conf/crypto/KarpmanPS15},
  bibsource = {dblp computer science bibliography, http://dblp.org}
}

@article{76stepFull,
	author    = {Pierre Karpman and Thomas Peyrin and Marc Stevens},
	title     = {{Practical Free-Start Collision Attacks on 76-step SHA-1}},
	journal   = {{IACR} Cryptology ePrint Archive},
	volume    = {2015},
	pages     = {530},
	year      = {2015},
	ee       = {https://eprint.iacr.org/2015/530},
}

@article{80stepFull,
	author    = {Marc Stevens and Pierre Karpman and Thomas Peyrin},
	title     = {{Freestart collision on full SHA-1}},
	journal   = {{IACR} Cryptology ePrint Archive},
	volume    = {2015},
	pages     = {967},
	year      = {2015},
	ee       = {https://eprint.iacr.org/2015/967},
}

@inproceedings{DBLP:conf/eurocrypt/StevensLW07,
  author    = {Marc Stevens and
               Arjen K. Lenstra and
               Benne de Weger},
  title     = {{Chosen-Prefix Collisions for {MD5} and Colliding {X.509} Certificates
               for Different Identities}},
  booktitle = {EUROCRYPT 2007},
  pages     = {1--22},
  year      = {2007},
  crossref  = {DBLP:conf/eurocrypt/2007},
  ee       = {http://dx.doi.org/10.1007/978-3-540-72540-4_1},
  doi       = {10.1007/978-3-540-72540-4_1},
  timestamp = {Mon, 25 Jun 2007 15:50:13 +0200},
  biburl    = {http://dblp.uni-trier.de/rec/bib/conf/eurocrypt/StevensLW07},
  bibsource = {dblp computer science bibliography, http://dblp.org}
}


@inproceedings{DBLP:conf/eurocrypt/Stevens13,
  author    = {Marc Stevens},
  title     = {{New Collision Attacks on {SHA-1} Based on Optimal Joint Local-Collision
               Analysis}},
  booktitle = {EUROCRYPT 2013},
  pages     = {245--261},
  year      = {2013},
  crossref  = {DBLP:conf/eurocrypt/2013},
  ee       = {http://dx.doi.org/10.1007/978-3-642-38348-9_15},
  doi       = {10.1007/978-3-642-38348-9_15},
  timestamp = {Wed, 22 May 2013 12:17:59 +0200},
  biburl    = {http://dblp.uni-trier.de/rec/bib/conf/eurocrypt/Stevens13},
  bibsource = {dblp computer science bibliography, http://dblp.org}
}


@inproceedings{DBLP:conf/eurocrypt/LandelleP13,
  author    = {Franck Landelle and
               Thomas Peyrin},
  title     = {{Cryptanalysis of Full {RIPEMD-128}}},
  booktitle = {EUROCRYPT 2013},
  pages     = {228--244},
  year      = {2013},
  crossref  = {DBLP:conf/eurocrypt/2013},
  ee       = {http://dx.doi.org/10.1007/978-3-642-38348-9_14},
  doi       = {10.1007/978-3-642-38348-9_14},
  timestamp = {Wed, 22 May 2013 12:17:59 +0200},
  biburl    = {http://dblp.uni-trier.de/rec/bib/conf/eurocrypt/LandelleP13},
  bibsource = {dblp computer science bibliography, http://dblp.org}
}


@inproceedings{DBLP:conf/sacrypt/MendelPRS09,
  author    = {Florian Mendel and
               Thomas Peyrin and
               Christian Rechberger and
               Martin Schl{\"{a}}ffer},
  title     = {{Improved Cryptanalysis of the Reduced Gr{\o}stl Compression Function,
               {ECHO} Permutation and {AES} Block Cipher}},
  booktitle = {SAC 2009},
  pages     = {16--35},
  year      = {2009},
  crossref  = {DBLP:conf/sacrypt/2009},
  ee       = {http://dx.doi.org/10.1007/978-3-642-05445-7_2},
  doi       = {10.1007/978-3-642-05445-7_2},
  timestamp = {Thu, 05 Nov 2009 14:43:31 +0100},
  biburl    = {http://dblp.uni-trier.de/rec/bib/conf/sacrypt/MendelPRS09},
  bibsource = {dblp computer science bibliography, http://dblp.org}
}


@inproceedings{DBLP:conf/fse/MendelRST09,
  author    = {Florian Mendel and
               Christian Rechberger and
               Martin Schl{\"{a}}ffer and
               S{\o}ren S. Thomsen},
  title     = {{The Rebound Attack: Cryptanalysis of Reduced Whirlpool and Gr{\o}stl}},
  booktitle = {FSE 2009},
  pages     = {260--276},
  year      = {2009},
  crossref  = {DBLP:conf/fse/2009},
  ee       = {http://dx.doi.org/10.1007/978-3-642-03317-9_16},
  doi       = {10.1007/978-3-642-03317-9_16},
  timestamp = {Mon, 20 Jul 2009 12:16:50 +0200},
  biburl    = {http://dblp.uni-trier.de/rec/bib/conf/fse/MendelRST09},
  bibsource = {dblp computer science bibliography, http://dblp.org}
}


@inproceedings{DBLP:conf/fse/JeanNP12,
  author    = {J{\'{e}}r{\'{e}}my Jean and
               Mar{\'{\i}}a Naya{-}Plasencia and
               Thomas Peyrin},
  title     = {{Improved Rebound Attack on the Finalist Gr{\o}stl}},
  booktitle = {FSE 2012},
  pages     = {110--126},
  year      = {2012},
  crossref  = {DBLP:conf/fse/2012},
  ee       = {http://dx.doi.org/10.1007/978-3-642-34047-5_7},
  doi       = {10.1007/978-3-642-34047-5_7},
  timestamp = {Tue, 11 Sep 2012 15:45:39 +0200},
  biburl    = {http://dblp.uni-trier.de/rec/bib/conf/fse/JeanNP12},
  bibsource = {dblp computer science bibliography, http://dblp.org}
}


@inproceedings{DBLP:conf/fse/GilbertP10,
  author    = {Henri Gilbert and
               Thomas Peyrin},
  title     = {{Super-Sbox Cryptanalysis: Improved Attacks for AES-Like Permutations}},
  booktitle = {FSE 2010},
  pages     = {365--383},
  year      = {2010},
  crossref  = {DBLP:conf/fse/2010},
  ee       = {http://dx.doi.org/10.1007/978-3-642-13858-4_21},
  doi       = {10.1007/978-3-642-13858-4_21},
  timestamp = {Tue, 29 Jun 2010 11:05:56 +0200},
  biburl    = {http://dblp.uni-trier.de/rec/bib/conf/fse/GilbertP10},
  bibsource = {dblp computer science bibliography, http://dblp.org}
}


@inproceedings{DBLP:conf/asiacrypt/LambergerMRRS09,
  author    = {Mario Lamberger and
               Florian Mendel and
               Christian Rechberger and
               Vincent Rijmen and
               Martin Schl{\"{a}}ffer},
  title     = {{Rebound Distinguishers: Results on the Full Whirlpool Compression Function}},
  booktitle = {ASIACRYPT 2009},
  pages     = {126--143},
  year      = {2009},
  crossref  = {DBLP:conf/asiacrypt/2009},
  ee       = {http://dx.doi.org/10.1007/978-3-642-10366-7_8},
  doi       = {10.1007/978-3-642-10366-7_8},
  timestamp = {Mon, 07 Dec 2009 19:04:46 +0100},
  biburl    = {http://dblp.uni-trier.de/rec/bib/conf/asiacrypt/LambergerMRRS09},
  bibsource = {dblp computer science bibliography, http://dblp.org}
}


@inproceedings{DBLP:conf/crypto/JouxP07,
  author    = {Antoine Joux and
               Thomas Peyrin},
  title     = {{Hash Functions and the (Amplified) Boomerang Attack}},
  booktitle = {CRYPTO 2007},
  pages     = {244--263},
  year      = {2007},
  crossref  = {DBLP:conf/crypto/2007},
  ee       = {http://dx.doi.org/10.1007/978-3-540-74143-5_14},
  doi       = {10.1007/978-3-540-74143-5_14},
  timestamp = {Tue, 21 Aug 2007 14:34:59 +0200},
  biburl    = {http://dblp.uni-trier.de/rec/bib/conf/crypto/JouxP07},
  bibsource = {dblp computer science bibliography, http://dblp.org}
}

@inproceedings{DBLP:conf/sacrypt/CanniereMR07,
  author    = {Christophe {De Canni{\`{e}}re} and
               Florian Mendel and
               Christian Rechberger},
  title     = {{Collisions for 70-Step {SHA-1:} On the Full Cost of Collision Search}},
  booktitle = {SAC 2007},
  pages     = {56--73},
  year      = {2007},
  crossref  = {DBLP:conf/sacrypt/2007},
  ee        = {http://dx.doi.org/10.1007/978-3-540-77360-3_4},
  doi       = {10.1007/978-3-540-77360-3_4},
  timestamp = {Thu, 13 Dec 2007 14:25:28 +0100},
  biburl    = {http://dblp.uni-trier.de/rec/bib/conf/sacrypt/CanniereMR07},
  bibsource = {dblp computer science bibliography, http://dblp.org}
}


@inproceedings{DBLP:conf/crypto/Stevens13,
  author    = {Marc Stevens},
  title     = {Counter-{C}ryptanalysis},
  booktitle = {CRYPTO 2013},
  pages     = {129--146},
  year      = {2013},
  crossref  = {DBLP:conf/crypto/2013-1},
  ee       = {http://dx.doi.org/10.1007/978-3-642-40041-4_8},
  doi       = {10.1007/978-3-642-40041-4_8},
  timestamp = {Wed, 21 Aug 2013 17:20:48 +0200},
  biburl    = {http://dblp.uni-trier.de/rec/bib/conf/crypto/Stevens13},
  bibsource = {dblp computer science bibliography, http://dblp.org}
}


@inproceedings{DBLP:conf/asiacrypt/CanniereR06,
  author    = {Christophe {De Canni{\`{e}}re} and
               Christian Rechberger},
  title     = {{Finding {SHA-1} Characteristics: General Results and Applications}},
  booktitle = {ASIACRYPT 2006},
  pages     = {1--20},
  year      = {2006},
  crossref  = {DBLP:conf/asiacrypt/2006},
  ee       = {http://dx.doi.org/10.1007/11935230_1},
  doi       = {10.1007/11935230_1},
  timestamp = {Mon, 20 Nov 2006 14:23:27 +0100},
  biburl    = {http://dblp.uni-trier.de/rec/bib/conf/asiacrypt/CanniereR06},
  bibsource = {dblp computer science bibliography, http://dblp.org}
}


@inproceedings{DBLP:conf/crypto/WangYY05a,
  author    = {Xiaoyun Wang and
               Yiqun Lisa Yin and
               Hongbo Yu},
  title     = {{Finding Collisions in the Full {SHA-1}}},
  booktitle = {CRYPTO 2005},
  pages     = {17--36},
  year      = {2005},
  crossref  = {DBLP:conf/crypto/2005},
  ee       = {http://dx.doi.org/10.1007/11535218_2},
  doi       = {10.1007/11535218_2},
  timestamp = {Fri, 04 Nov 2005 09:54:52 +0100},
  biburl    = {http://dblp.uni-trier.de/rec/bib/conf/crypto/WangYY05a},
  bibsource = {dblp computer science bibliography, http://dblp.org}
}


@inproceedings{DBLP:conf/eurocrypt/BihamCJCLJ05,
  author    = {Eli Biham and
               Rafi Chen and
               Antoine Joux and
               Patrick Carribault and
               Christophe Lemuet and
               William Jalby},
  title     = {{Collisions of {SHA-0} and Reduced {SHA-1}}},
  booktitle = {EUROCRYPT 2005},
  pages     = {36--57},
  year      = {2005},
  crossref  = {DBLP:conf/eurocrypt/2005},
  ee       = {http://dx.doi.org/10.1007/11426639_3},
  doi       = {10.1007/11426639_3},
  timestamp = {Fri, 20 May 2005 09:43:18 +0200},
  biburl    = {http://dblp.uni-trier.de/rec/bib/conf/eurocrypt/BihamCJCLJ05},
  bibsource = {dblp computer science bibliography, http://dblp.org}
}


@inproceedings{DBLP:conf/crypto/ChabaudJ98,
  author    = {Florent Chabaud and
               Antoine Joux},
  title     = {{Differential Collisions in {SHA-0}}},
  booktitle = {CRYPTO '98},
  pages     = {56--71},
  year      = {1998},
  crossref  = {DBLP:conf/crypto/1998},
  ee       = {http://dx.doi.org/10.1007/BFb0055720},
  doi       = {10.1007/BFb0055720},
  timestamp = {Fri, 18 Sep 2009 12:06:07 +0200},
  biburl    = {http://dblp.uni-trier.de/rec/bib/conf/crypto/ChabaudJ98},
  bibsource = {dblp computer science bibliography, http://dblp.org}
}

@article{DBLP:journals/joc/BihamCJ15,
	author    = {Eli Biham and
		Rafi Chen and
			Antoine Joux},
	title     = {{Cryptanalysis of {SHA-0} and Reduced {SHA-1}}},
	journal   = {J. Cryptology},
	volume    = {28},
	number    = {1},
	pages     = {110--160},
	year      = {2015},
	ee       = {http://dx.doi.org/10.1007/s00145-014-9179-8},
	doi       = {10.1007/s00145-014-9179-8},
	timestamp = {Mon, 12 Jan 2015 11:02:07 +0100},
	biburl    = {http://dblp.uni-trier.de/rec/bib/journals/joc/BihamCJ15},
	bibsource = {dblp computer science bibliography, http://dblp.org}
}


@inproceedings{DBLP:conf/crypto/BihamC04,
  author    = {Eli Biham and
               Rafi Chen},
  title     = {{Near-Collisions of {SHA-0}}},
  booktitle = {CRYPTO 2004},
  pages     = {290--305},
  year      = {2004},
  crossref  = {DBLP:conf/crypto/2004},
  ee       = {http://dx.doi.org/10.1007/978-3-540-28628-8_18},
  doi       = {10.1007/978-3-540-28628-8_18},
  timestamp = {Thu, 07 Jul 2011 15:50:00 +0200},
  biburl    = {http://dblp.uni-trier.de/rec/bib/conf/crypto/BihamC04},
  bibsource = {dblp computer science bibliography, http://dblp.org}
}


@inproceedings{DBLP:conf/eurocrypt/WangY05,
  author    = {Xiaoyun Wang and
               Hongbo Yu},
  title     = {{How to Break {MD5} and Other Hash Functions}},
  booktitle = {EUROCRYPT 2005},
  pages     = {19--35},
  year      = {2005},
  crossref  = {DBLP:conf/eurocrypt/2005},
  ee       = {http://dx.doi.org/10.1007/11426639_2},
  doi       = {10.1007/11426639_2},
  timestamp = {Fri, 20 May 2005 09:43:18 +0200},
  biburl    = {http://dblp.uni-trier.de/rec/bib/conf/eurocrypt/WangY05},
  bibsource = {dblp computer science bibliography, http://dblp.org}
}


@inproceedings{DBLP:conf/eurocrypt/BoerB93,
  author    = {Bert {den Boer} and
               Antoon Bosselaers},
  title     = {{Collisions for the Compression Function of {MD5}}},
  booktitle = {EUROCRYPT 1993},
  pages     = {293--304},
  year      = {1993},
  crossref  = {DBLP:conf/eurocrypt/93},
  ee       = {http://dx.doi.org/10.1007/3-540-48285-7_26},
  doi       = {10.1007/3-540-48285-7_26},
  timestamp = {Fri, 23 Dec 2011 14:54:26 +0100},
  biburl    = {http://dblp.uni-trier.de/rec/bib/conf/eurocrypt/BoerB93},
  bibsource = {dblp computer science bibliography, http://dblp.org}
}


@inproceedings{DBLP:conf/fse/Dobbertin96,
  author    = {Hans Dobbertin},
  title     = {Cryptanalysis of {MD4}},
  booktitle = {FSE 1996},
  pages     = {53--69},
  year      = {1996},
  crossref  = {DBLP:conf/fse/1996},
  ee       = {http://dx.doi.org/10.1007/3-540-60865-6_43},
  doi       = {10.1007/3-540-60865-6_43},
  timestamp = {Wed, 15 Jun 2011 15:38:59 +0200},
  biburl    = {http://dblp.uni-trier.de/rec/bib/conf/fse/Dobbertin96},
  bibsource = {dblp computer science bibliography, http://dblp.org}
}


@inproceedings{DBLP:conf/crypto/BoerB91,
  author    = {Bert {den Boer} and
               Antoon Bosselaers},
  title     = {{An Attack on the Last Two Rounds of {MD4}}},
  booktitle = {CRYPTO '91},
  pages     = {194--203},
  year      = {1991},
  crossref  = {DBLP:conf/crypto/1991},
  ee       = {http://dx.doi.org/10.1007/3-540-46766-1_14},
  doi       = {10.1007/3-540-46766-1_14},
  timestamp = {Fri, 18 Sep 2009 10:05:15 +0200},
  biburl    = {http://dblp.uni-trier.de/rec/bib/conf/crypto/BoerB91},
  bibsource = {dblp computer science bibliography, http://dblp.org}
}


@inproceedings{DBLP:conf/crypto/Damgard89a,
  author    = {Ivan Damg{\aa}rd},
  title     = {{A Design Principle for Hash Functions}},
  booktitle = {CRYPTO '89},
  pages     = {416--427},
  year      = {1989},
  crossref  = {DBLP:conf/crypto/1989},
  ee       = {http://dx.doi.org/10.1007/0-387-34805-0_39},
  doi       = {10.1007/0-387-34805-0_39},
  timestamp = {Fri, 18 Sep 2009 09:03:51 +0200},
  biburl    = {http://dblp.uni-trier.de/rec/bib/conf/crypto/Damgard89a},
  bibsource = {dblp computer science bibliography, http://dblp.org}
}


@inproceedings{DBLP:conf/crypto/Merkle89a,
  author    = {Ralph C. Merkle},
  title     = {{One Way Hash Functions and {DES}}},
  booktitle = {CRYPTO '89},
  pages     = {428--446},
  year      = {1989},
  crossref  = {DBLP:conf/crypto/1989},
  ee       = {http://dx.doi.org/10.1007/0-387-34805-0_40},
  doi       = {10.1007/0-387-34805-0_40},
  timestamp = {Fri, 18 Sep 2009 09:03:51 +0200},
  biburl    = {http://dblp.uni-trier.de/rec/bib/conf/crypto/Merkle89a},
  bibsource = {dblp computer science bibliography, http://dblp.org}
}



@inproceedings{DBLP:conf/fse/MendelRS14,
	author    = {Florian Mendel and
		Vincent Rijmen and
			Martin Schl{\"{a}}ffer},
	title     = {{Collision Attack on 5 Rounds of Gr{\o}stl}},
	booktitle = {FSE 2014},
	pages     = {509--521},
	year      = {2014},
	crossref  = {DBLP:conf/fse/2014},
	ee       = {http://dx.doi.org/10.1007/978-3-662-46706-0_26},
	doi       = {10.1007/978-3-662-46706-0_26},
	timestamp = {Wed, 22 Apr 2015 15:44:57 +0200},
	biburl    = {http://dblp.uni-trier.de/rec/bib/conf/fse/MendelRS14},
	bibsource = {dblp computer science bibliography, http://dblp.org}
}

@article{cryptoeprint:2011:641,
	author    = {Evgeny A. Grechnikov and Andrew V. Adinetz},
	title     = {{Collision for 75-step {SHA-1:} Intensive Parallelization with {GPU}}},
	journal   = {{IACR} Cryptology ePrint Archive},
	volume    = {2011},
	pages     = {641},
	year      = {2011},
	ee       = {https://eprint.iacr.org/2011/641},
	timestamp = {Fri, 24 Aug 2012 17:02:53 +0200},
	biburl    = {http://dblp.uni-trier.de/rec/bib/journals/iacr/GrechnikovA11},
	bibsource = {dblp computer science bibliography, http://dblp.org}
}

@article{DBLP:journals/dcc/Manuel11,
  author    = {St{\'{e}}phane Manuel},
  title     = {{Classification and generation of disturbance vectors for collision attacks against {SHA-1}}},
  journal   = {Des. Codes Cryptography},
  volume    = {59},
  number    = {1-3},
  pages     = {247--263},
  year      = {2011},
  ee       = {http://dx.doi.org/10.1007/s10623-010-9458-9},
  doi       = {10.1007/s10623-010-9458-9},
  timestamp = {Mon, 18 Apr 2011 14:47:49 +0200},
  biburl    = {http://dblp.uni-trier.de/rec/bib/journals/dcc/Manuel11},
  bibsource = {dblp computer science bibliography, http://dblp.org}
}


@inproceedings{DBLP:conf/fse/Saarinen03,
  author    = {Markku{-}Juhani Olavi Saarinen},
  title     = {{Cryptanalysis of Block Ciphers Based on {SHA-1} and {MD5}}},
  booktitle = {FSE 2003},
  pages     = {36--44},
  year      = {2003},
  crossref  = {DBLP:conf/fse/2003},
  ee       = {http://dx.doi.org/10.1007/978-3-540-39887-5_4},
  doi       = {10.1007/978-3-540-39887-5_4},
  timestamp = {Wed, 06 Jul 2011 21:19:28 +0200},
  biburl    = {http://dblp.uni-trier.de/rec/bib/conf/fse/Saarinen03},
  bibsource = {dblp computer science bibliography, http://dblp.org}
}


@inproceedings{DBLP:conf/crypto/StevensSALMOW09,
  author    = {Marc Stevens and
               Alexander Sotirov and
               Jacob Appelbaum and
               Arjen K. Lenstra and
               David Molnar and
               Dag Arne Osvik and
               Benne de Weger},
  title     = {{Short Chosen-Prefix Collisions for {MD5} and the Creation of a Rogue {CA} Certificate}},
  booktitle = {CRYPTO 2009},
  pages     = {55--69},
  year      = {2009},
  crossref  = {DBLP:conf/crypto/2009},
  ee       = {http://dx.doi.org/10.1007/978-3-642-03356-8_4},
  doi       = {10.1007/978-3-642-03356-8_4},
  timestamp = {Wed, 07 Oct 2009 17:00:40 +0200},
  biburl    = {http://dblp.uni-trier.de/rec/bib/conf/crypto/StevensSALMOW09},
  bibsource = {dblp computer science bibliography, http://dblp.org}
}

@phdthesis{phdstevens,
	author = {Marc Stevens},
	title = {Attacks on Hash Functions and Applications},
	year = {2012},
	school = { Leiden University },
	month = {June},
	ee = {http://www.cwi.nl/system/files/PhD-Thesis-Marc-Stevens-Attacks-on-Hash-Functions-and-Applications.pdf}
}

@misc{hashclash,
	key = {HC},
	title = {HashClash project webpage},
	note = {\url{https://marc-stevens.nl/p/hashclash/}}
}

@misc{NIST_SP800_57,
  key = {NIST},
  author = {{National Institute of Standards and Technology}},
  title  = {{Special Publication 800-57 - Recommendation for Key Management – Part 1: General (Revision 3)}},
  year = {2012},
  month = {July}
}

@misc{Nist-SHA3,
  key = {NIST},
  author = {{National Institute of Standards and Technology}},
  title  = {{FIPS 202: SHA-3 Standard: Permutation-Based Hash and Extendable-Output Functions}},
  year = {2015},
  ee = {http://nvlpubs.nist.gov/nistpubs/FIPS/NIST.FIPS.202.pdf},
  month = {August}
}

@misc{Nist-SHA,
  key = {NIST},
  author = {{National~Institute of~Standards and Technology}},
  title = {{FIPS 180-4: Secure Hash Standard}},
  month = {August},
  year = {2015},
  ee = {http://dx.doi.org/10.6028/NIST.FIPS.180-4}

}

@misc{Nist-SHA0,
  key = {NIST},
  author = {{National~Institute of~Standards and Technology}},
  title = {{FIPS 180: Secure Hash Standard}},
  month = {May},
  year = {1993}
}

@misc{Nist-SHA1,
  key = {NIST},
  author = {{National~Institute of~Standards and Technology}},
  title = {{FIPS 180-1: Secure Hash Standard}},
  month = {April},
  year = {1995},
  note = {\emph{Available at:} \url{http://pages.saclay.inria.fr/pierre.karpman/fips_180-1.pdf}}
}

@misc{Rivest-md5,
 author               = {Ronald L. Rivest },
 title                = {{RFC 1321: The MD5 Message-Digest Algorithm}},
 year                 = {1992},
 month = {April},
 ee                 = {http://www.ietf.org/rfc/rfc1321.txt},
 }
 
@inproceedings{Rivest-md4,
	author    = {Ronald L. Rivest},
	title     = {The {MD4} Message Digest Algorithm},
	booktitle = {CRYPTO '90},
	pages     = {303--311},
	year      = {1990},
	crossref  = {DBLP:conf/crypto/1990},
	ee        = {http://dx.doi.org/10.1007/3-540-38424-3_22},
	doi       = {10.1007/3-540-38424-3_22},
	timestamp = {Fri, 18 Sep 2009 09:27:47 +0200},
	biburl    = {http://dblp.uni-trier.de/rec/bib/conf/crypto/Rivest90},
	bibsource = {dblp computer science bibliography, http://dblp.org}
}

@misc{gtx970_specs,
key = {NVIDIA},
author = {{Nvidia Corporation}},
title = {{Nvidia Geforce GTX 970 Specifications}},
howpublished = {{\url{http://www.geforce.com/hardware/desktop-gpus/geforce-gtx-970/specifications}}}
}

@misc{cuda_prog_guide,
key = {NVIDIA},
author = {{Nvidia Corporation}},
title = {{CUDA C Programming Guide}},
howpublished= {{\url{https://docs.nvidia.com/cuda/cuda-c-programming-guide}}}
}

@misc{cuda,
key = {NVIDIA},
author = {{Nvidia Corporation}},
title = {{CUDA Toolkit}},
howpublished= {{\url{https://docs.nvidia.com/cuda}}}
}
@proceedings{DBLP:conf/crypto/2009,
  editor    = {Shai Halevi},
  title     = {Advances in Cryptology --- {CRYPTO} 2009},
  series    = {Lecture Notes in Computer Science},
  volume    = {5677},
  publisher = {Springer},
  year      = {2009},
  ee       = {http://dx.doi.org/10.1007/978-3-642-03356-8},
  doi       = {10.1007/978-3-642-03356-8},
  isbn      = {978-3-642-03355-1},
  timestamp = {Wed, 07 Oct 2009 16:59:25 +0200},
  biburl    = {http://dblp.uni-trier.de/rec/bib/conf/crypto/2009},
  bibsource = {dblp computer science bibliography, http://dblp.org}
}


@proceedings{DBLP:conf/fse/2003,
  editor    = {Thomas Johansson},
  title     = {Fast Software Encryption --- {FSE} 2003},
  series    = {Lecture Notes in Computer Science},
  volume    = {2887},
  publisher = {Springer},
  year      = {2003},
  isbn      = {3-540-20449-0},
  timestamp = {Mon, 01 Dec 2003 15:21:01 +0100},
  biburl    = {http://dblp.uni-trier.de/rec/bib/conf/fse/2003},
  bibsource = {dblp computer science bibliography, http://dblp.org}
}

@proceedings{DBLP:conf/crypto/1989,
  editor    = {Gilles Brassard},
  title     = {Advances in Cryptology --- CRYPTO '89},
  series    = {Lecture Notes in Computer Science},
  volume    = {435},
  publisher = {Springer},
  year      = {1990},
  isbn      = {3-540-97317-6},
  timestamp = {Thu, 07 Feb 2002 09:41:00 +0100},
  biburl    = {http://dblp.uni-trier.de/rec/bib/conf/crypto/1989},
  bibsource = {dblp computer science bibliography, http://dblp.org}
}


@proceedings{DBLP:conf/crypto/1991,
  editor    = {Joan Feigenbaum},
  title     = {Advances in Cryptology --- {CRYPTO} '91},
  series    = {Lecture Notes in Computer Science},
  volume    = {576},
  publisher = {Springer},
  year      = {1992},
  isbn      = {3-540-55188-3},
  timestamp = {Thu, 07 Feb 2002 09:44:20 +0100},
  biburl    = {http://dblp.uni-trier.de/rec/bib/conf/crypto/1991},
  bibsource = {dblp computer science bibliography, http://dblp.org}
}

@proceedings{DBLP:conf/eurocrypt/93,
  editor    = {Tor Helleseth},
  title     = {Advances in Cryptology --- {EUROCRYPT} '93},
  series    = {Lecture Notes in Computer Science},
  volume    = {765},
  publisher = {Springer},
  year      = {1994},
  isbn      = {3-540-57600-2},
  timestamp = {Tue, 30 Apr 2002 07:52:49 +0200},
  biburl    = {http://dblp.uni-trier.de/rec/bib/conf/eurocrypt/93},
  bibsource = {dblp computer science bibliography, http://dblp.org}
}




@proceedings{DBLP:conf/eurocrypt/2005,
  editor    = {Ronald Cramer},
  title     = {Advances in Cryptology --- EUROCRYPT 2005},
  series    = {Lecture Notes in Computer Science},
  volume    = {3494},
  publisher = {Springer},
  year      = {2005},
  isbn      = {3-540-25910-4},
  timestamp = {Fri, 20 May 2005 09:43:18 +0200},
  biburl    = {http://dblp.uni-trier.de/rec/bib/conf/eurocrypt/2005},
  bibsource = {dblp computer science bibliography, http://dblp.org}
}




@proceedings{DBLP:conf/crypto/1998,
  editor    = {Hugo Krawczyk},
  title     = {Advances in Cryptology --- {CRYPTO} '98},
  series    = {Lecture Notes in Computer Science},
  volume    = {1462},
  publisher = {Springer},
  year      = {1998},
  isbn      = {3-540-64892-5},
  timestamp = {Thu, 03 Jan 2002 11:55:47 +0100},
  biburl    = {http://dblp.uni-trier.de/rec/bib/conf/crypto/1998},
  bibsource = {dblp computer science bibliography, http://dblp.org}
}


@proceedings{DBLP:conf/crypto/2004,
  editor    = {Matthew K. Franklin},
  title     = {Advances in Cryptology --- {CRYPTO} 2004},
  series    = {Lecture Notes in Computer Science},
  volume    = {3152},
  publisher = {Springer},
  year      = {2004},
  isbn      = {3-540-22668-0},
  timestamp = {Tue, 11 Jan 2005 10:56:16 +0100},
  biburl    = {http://dblp.uni-trier.de/rec/bib/conf/crypto/2004},
  bibsource = {dblp computer science bibliography, http://dblp.org}
}




@proceedings{DBLP:conf/crypto/2005,
  editor    = {Victor Shoup},
  title     = {Advances in Cryptology --- CRYPTO 2005},
  series    = {Lecture Notes in Computer Science},
  volume    = {3621},
  publisher = {Springer},
  year      = {2005},
  isbn      = {3-540-28114-2},
  timestamp = {Fri, 04 Nov 2005 09:54:52 +0100},
  biburl    = {http://dblp.uni-trier.de/rec/bib/conf/crypto/2005},
  bibsource = {dblp computer science bibliography, http://dblp.org}
}




@proceedings{DBLP:conf/asiacrypt/2006,
  editor    = {Xuejia Lai and
               Kefei Chen},
  title     = {Advances in Cryptology --- {ASIACRYPT} 2006},
  series    = {Lecture Notes in Computer Science},
  volume    = {4284},
  publisher = {Springer},
  year      = {2006},
  isbn      = {3-540-49475-8},
  timestamp = {Mon, 20 Nov 2006 14:23:27 +0100},
  biburl    = {http://dblp.uni-trier.de/rec/bib/conf/asiacrypt/2006},
  bibsource = {dblp computer science bibliography, http://dblp.org}
}


@proceedings{DBLP:conf/crypto/2013-1,
  editor    = {Ran Canetti and
               Juan A. Garay},
  title     = {Advances in Cryptology --- {CRYPTO} 2013},
  series    = {Lecture Notes in Computer Science},
  volume    = {8042},
  publisher = {Springer},
  year      = {2013},
  ee       = {http://dx.doi.org/10.1007/978-3-642-40041-4},
  doi       = {10.1007/978-3-642-40041-4},
  isbn      = {978-3-642-40040-7},
  timestamp = {Wed, 21 Aug 2013 17:18:04 +0200},
  biburl    = {http://dblp.uni-trier.de/rec/bib/conf/crypto/2013-1},
  bibsource = {dblp computer science bibliography, http://dblp.org}
}


@proceedings{DBLP:conf/sacrypt/2007,
  editor    = {Carlisle M. Adams and
               Ali Miri and
               Michael J. Wiener},
  title     = {Selected Areas in Cryptography --- SAC 2007},
  series    = {Lecture Notes in Computer Science},
  volume    = {4876},
  publisher = {Springer},
  year      = {2007},
  isbn      = {978-3-540-77359-7},
  timestamp = {Thu, 13 Dec 2007 14:25:28 +0100},
  biburl    = {http://dblp.uni-trier.de/rec/bib/conf/sacrypt/2007},
  bibsource = {dblp computer science bibliography, http://dblp.org}
}


@proceedings{DBLP:conf/crypto/2007,
  editor    = {Alfred Menezes},
  title     = {Advances in Cryptology --- {CRYPTO} 2007},
  series    = {Lecture Notes in Computer Science},
  volume    = {4622},
  publisher = {Springer},
  year      = {2007},
  isbn      = {978-3-540-74142-8},
  timestamp = {Tue, 21 Aug 2007 14:34:59 +0200},
  biburl    = {http://dblp.uni-trier.de/rec/bib/conf/crypto/2007},
  bibsource = {dblp computer science bibliography, http://dblp.org}
}




@proceedings{DBLP:conf/asiacrypt/2009,
  editor    = {Mitsuru Matsui},
  title     = {Advances in Cryptology --- {ASIACRYPT} 2009},
  series    = {Lecture Notes in Computer Science},
  volume    = {5912},
  publisher = {Springer},
  year      = {2009},
  ee       = {http://dx.doi.org/10.1007/978-3-642-10366-7},
  doi       = {10.1007/978-3-642-10366-7},
  isbn      = {978-3-642-10365-0},
  timestamp = {Mon, 07 Dec 2009 19:04:25 +0100},
  biburl    = {http://dblp.uni-trier.de/rec/bib/conf/asiacrypt/2009},
  bibsource = {dblp computer science bibliography, http://dblp.org}
}


@proceedings{DBLP:conf/fse/2009,
  editor    = {Orr Dunkelman},
  title     = {Fast Software Encryption --- FSE 2009},
  series    = {Lecture Notes in Computer Science},
  volume    = {5665},
  publisher = {Springer},
  year      = {2009},
  ee       = {http://dx.doi.org/10.1007/978-3-642-03317-9},
  doi       = {10.1007/978-3-642-03317-9},
  isbn      = {978-3-642-03316-2},
  timestamp = {Mon, 20 Jul 2009 12:15:10 +0200},
  biburl    = {http://dblp.uni-trier.de/rec/bib/conf/fse/2009},
  bibsource = {dblp computer science bibliography, http://dblp.org}
}


@proceedings{DBLP:conf/fse/2010,
  editor    = {Seokhie Hong and
               Tetsu Iwata},
  title     = {Fast Software Encryption --- FSE 2010},
  series    = {Lecture Notes in Computer Science},
  volume    = {6147},
  publisher = {Springer},
  year      = {2010},
  ee       = {http://dx.doi.org/10.1007/978-3-642-13858-4},
  doi       = {10.1007/978-3-642-13858-4},
  isbn      = {978-3-642-13857-7},
  timestamp = {Tue, 29 Jun 2010 11:04:02 +0200},
  biburl    = {http://dblp.uni-trier.de/rec/bib/conf/fse/2010},
  bibsource = {dblp computer science bibliography, http://dblp.org}
}


@proceedings{DBLP:conf/fse/2012,
  editor    = {Anne Canteaut},
  title     = {Fast Software Encryption --- FSE 2012},
  series    = {Lecture Notes in Computer Science},
  volume    = {7549},
  publisher = {Springer},
  year      = {2012},
  ee       = {http://dx.doi.org/10.1007/978-3-642-34047-5},
  doi       = {10.1007/978-3-642-34047-5},
  isbn      = {978-3-642-34046-8},
  timestamp = {Tue, 11 Sep 2012 15:35:40 +0200},
  biburl    = {http://dblp.uni-trier.de/rec/bib/conf/fse/2012},
  bibsource = {dblp computer science bibliography, http://dblp.org}
}


@proceedings{DBLP:conf/sacrypt/2009,
  editor    = {Michael J. Jacobson Jr. and
               Vincent Rijmen and
               Reihaneh Safavi{-}Naini},
  title     = {Selected Areas in Cryptography --- SAC 2009},
  series    = {Lecture Notes in Computer Science},
  volume    = {5867},
  publisher = {Springer},
  year      = {2009},
  ee       = {http://dx.doi.org/10.1007/978-3-642-05445-7},
  doi       = {10.1007/978-3-642-05445-7},
  isbn      = {978-3-642-05443-3},
  timestamp = {Thu, 05 Nov 2009 14:39:58 +0100},
  biburl    = {http://dblp.uni-trier.de/rec/bib/conf/sacrypt/2009},
  bibsource = {dblp computer science bibliography, http://dblp.org}
}

@proceedings{DBLP:conf/eurocrypt/2013,
  editor    = {Thomas Johansson and
               Phong Q. Nguyen},
  title     = {Advances in Cryptology --- EUROCRYPT 2013},
  series    = {Lecture Notes in Computer Science},
  volume    = {7881},
  publisher = {Springer},
  year      = {2013},
  ee       = {http://dx.doi.org/10.1007/978-3-642-38348-9},
  doi       = {10.1007/978-3-642-38348-9},
  isbn      = {978-3-642-38347-2},
  timestamp = {Wed, 22 May 2013 12:13:20 +0200},
  biburl    = {http://dblp.uni-trier.de/rec/bib/conf/eurocrypt/2013},
  bibsource = {dblp computer science bibliography, http://dblp.org}
}

@proceedings{DBLP:conf/eurocrypt/2007,
  editor    = {Moni Naor},
  title     = {Advances in Cryptology - {EUROCRYPT} 2007},
  series    = {Lecture Notes in Computer Science},
  volume    = {4515},
  publisher = {Springer},
  year      = {2007},
  isbn      = {978-3-540-72539-8},
  timestamp = {Mon, 25 Jun 2007 15:50:13 +0200},
  biburl    = {http://dblp.uni-trier.de/rec/bib/conf/eurocrypt/2007},
  bibsource = {dblp computer science bibliography, http://dblp.org}
}

@proceedings{DBLP:conf/crypto/1990,
	editor    = {Alfred Menezes and
		Scott A. Vanstone},
	title     = {Advances in Cryptology --- {CRYPTO} '90},
	series    = {Lecture Notes in Computer Science},
	volume    = {537},
	publisher = {Springer},
	year      = {1991},
	isbn      = {3-540-54508-5},
	timestamp = {Thu, 07 Feb 2002 09:43:58 +0100},
	biburl    = {http://dblp.uni-trier.de/rec/bib/conf/crypto/1990},
	bibsource = {dblp computer science bibliography, http://dblp.org}
}

@proceedings{DBLP:conf/fse/2014,
	editor    = {Carlos Cid and
		Christian Rechberger},
	title     = {Fast Software Encryption --- FSE 2014},
	series    = {Lecture Notes in Computer Science},
	volume    = {8540},
	publisher = {Springer},
	year      = {2015},
	ee       = {http://dx.doi.org/10.1007/978-3-662-46706-0},
	doi       = {10.1007/978-3-662-46706-0},
	isbn      = {978-3-662-46705-3},
	timestamp = {Wed, 22 Apr 2015 15:40:09 +0200},
	biburl    = {http://dblp.uni-trier.de/rec/bib/conf/fse/2014},
	bibsource = {dblp computer science bibliography, http://dblp.org}
}

@proceedings{DBLP:conf/crypto/2015-1,
  editor    = {Rosario Gennaro and
               Matthew Robshaw},
  title     = {Advances in Cryptology --- {CRYPTO} 2015},
  series    = {Lecture Notes in Computer Science},
  volume    = {9215},
  publisher = {Springer},
  year      = {2015},
  ee       = {http://dx.doi.org/10.1007/978-3-662-47989-6},
  doi       = {10.1007/978-3-662-47989-6},
  isbn      = {978-3-662-47988-9},
  timestamp = {Mon, 03 Aug 2015 13:24:59 +0200},
  biburl    = {http://dblp.uni-trier.de/rec/bib/conf/crypto/2015-1},
  bibsource = {dblp computer science bibliography, http://dblp.org}
}


@proceedings{DBLP:conf/ccs/2008asia,
  editor    = {Masayuki Abe and
               Virgil D. Gligor},
  title     = {Symposium on Information, Computer and Communications Security --- {ASIACCS} 2008},
  publisher = {{ACM}},
  year      = {2008},
  isbn      = {978-1-59593-979-1},
  timestamp = {Thu, 15 May 2008 12:56:34 +0200},
  biburl    = {http://dblp.uni-trier.de/rec/bib/conf/ccs/2008asia},
  bibsource = {dblp computer science bibliography, http://dblp.org}
}


@proceedings{DBLP:conf/ctrsa/2005,
  editor    = {Alfred Menezes},
  title     = {Topics in Cryptology --- {CT-RSA} 2005},
  series    = {Lecture Notes in Computer Science},
  volume    = {3376},
  publisher = {Springer},
  year      = {2005},
  isbn      = {3-540-24399-2},
  timestamp = {Wed, 02 Mar 2005 11:58:38 +0100},
  biburl    = {http://dblp.uni-trier.de/rec/bib/conf/ctrsa/2005},
  bibsource = {dblp computer science bibliography, http://dblp.org}
}


@proceedings{DBLP:conf/fse/2006,
  editor    = {Matthew J. B. Robshaw},
  title     = {Fast Software Encryption --- {FSE} 2006},
  series    = {Lecture Notes in Computer Science},
  volume    = {4047},
  publisher = {Springer},
  year      = {2006},
  isbn      = {3-540-36597-4},
  timestamp = {Fri, 15 Dec 2006 15:53:06 +0100},
  biburl    = {http://dblp.uni-trier.de/rec/bib/conf/fse/2006},
  bibsource = {dblp computer science bibliography, http://dblp.org}
}


@proceedings{DBLP:conf/ima/2005,
  editor    = {Nigel P. Smart},
  title     = {Cryptography and Coding --- IMA CC 2005},
  series    = {Lecture Notes in Computer Science},
  volume    = {3796},
  publisher = {Springer},
  year      = {2005},
  isbn      = {3-540-30276-X},
  timestamp = {Tue, 08 Nov 2005 08:44:07 +0100},
  biburl    = {http://dblp.uni-trier.de/rec/bib/conf/ima/2005},
  bibsource = {dblp computer science bibliography, http://dblp.org}
}


@proceedings{DBLP:conf/wcc/2005,
  editor    = {{\O}yvind Ytrehus},
  title     = {Coding and Cryptography --- {WCC} 2005},
  series    = {Lecture Notes in Computer Science},
  volume    = {3969},
  publisher = {Springer},
  year      = {2006},
  isbn      = {978-3-540-35481-9},
  timestamp = {Wed, 23 May 2007 15:50:38 +0200},
  biburl    = {http://dblp.uni-trier.de/rec/bib/conf/wcc/2005},
  bibsource = {dblp computer science bibliography, http://dblp.org}
}

@misc{TiKZ:Cryptographers,
	author = {J\'er\'emy Jean},
	title = {{TiKZ for Cryptographers}},
	howpublished = {\url{https://www.iacr.org/authors/tikz}}
}

@book{algocrypt,
	author = {Antoine Joux},
	title = {Algorithmic cryptanalysis},
	publisher = {CRC Press},
	year = {2009}
}

@phdthesis{phdpeyrin,
	author = {Thomas Peyrin},
	title = {Analyse de fonctions de hachage cryptographiques},
	year = {2008},
	school = {Universit\'e de Versailles Saint-Quentin-en-Yvelines},
	month = {November},
	ee = {http://sites.google.com/site/thomaspeyrin/Peyrin-PhDThesis.pdf}
}



@inproceedings{DBLP:conf/fse/ManuelP08,
	author    = {St{\'{e}}phane Manuel and
		Thomas Peyrin},
	title     = {{Collisions on {SHA-0} in One Hour}},
	booktitle = {{FSE 2008}},
	pages     = {16--35},
	year      = {2008},
	crossref  = {DBLP:conf/fse/2008},
	ee       = {http://dx.doi.org/10.1007/978-3-540-71039-4_2},
	doi       = {10.1007/978-3-540-71039-4_2},
	timestamp = {Tue, 12 Aug 2008 12:57:00 +0200},
	biburl    = {http://dblp.uni-trier.de/rec/bib/conf/fse/ManuelP08},
	bibsource = {dblp computer science bibliography, http://dblp.org}
}

@proceedings{DBLP:conf/fse/2008,
	editor    = {Kaisa Nyberg},
	title     = {Fast Software Encryption --- FSE 2008},
	series    = {Lecture Notes in Computer Science},
	volume    = {5086},
	publisher = {Springer},
	year      = {2008},
	isbn      = {978-3-540-71038-7},
	timestamp = {Tue, 12 Aug 2008 12:57:00 +0200},
	biburl    = {http://dblp.uni-trier.de/rec/bib/conf/fse/2008},
	bibsource = {dblp computer science bibliography, http://dblp.org}
}


@inproceedings{DBLP:conf/acisp/YajimaSNISKO07,
	author    = {Jun Yajima and
		Yu Sasaki and
			Yusuke Naito and
			Terutoshi Iwasaki and
			Takeshi Shimoyama and
			Noboru Kunihiro and
			Kazuo Ohta},
	title     = {{A New Strategy for Finding a Differential Path of {SHA-1}}},
	booktitle = {ACISP 2007},
	pages     = {45--58},
	year      = {2007},
	crossref  = {DBLP:conf/acisp/2007},
	ee       = {http://dx.doi.org/10.1007/978-3-540-73458-1_4},
	doi       = {10.1007/978-3-540-73458-1_4},
	timestamp = {Thu, 05 Jul 2007 15:04:30 +0200},
	biburl    = {http://dblp.uni-trier.de/rec/bib/conf/acisp/YajimaSNISKO07},
	bibsource = {dblp computer science bibliography, http://dblp.org}
}

@proceedings{DBLP:conf/acisp/2007,
	editor    = {Josef Pieprzyk and
		Hossein Ghodosi and
			Ed Dawson},
	title     = {Information Security and Privac --- {ACISP} 2007},
	series    = {Lecture Notes in Computer Science},
	volume    = {4586},
	publisher = {Springer},
	year      = {2007},
	isbn      = {978-3-540-73457-4},
	timestamp = {Thu, 05 Jul 2007 15:04:30 +0200},
	biburl    = {http://dblp.uni-trier.de/rec/bib/conf/acisp/2007},
	bibsource = {dblp computer science bibliography, http://dblp.org}
}



@inproceedings{DBLP:conf/eurocrypt/StevensKP16,
	author    = {Marc Stevens and
		Pierre Karpman and
			Thomas Peyrin},
	title     = {{Freestart Collision for Full {SHA-1}}},
	booktitle = {EUROCRYPT 2016},
	pages     = {459--483},
	year      = {2016},
	crossref  = {DBLP:conf/eurocrypt/2016-1},
	ee       = {http://dx.doi.org/10.1007/978-3-662-49890-3_18},
	doi       = {10.1007/978-3-662-49890-3_18},
	timestamp = {Fri, 29 Apr 2016 15:20:18 +0200},
	biburl    = {http://dblp.uni-trier.de/rec/bib/conf/eurocrypt/StevensKP16},
	bibsource = {dblp computer science bibliography, http://dblp.org}
}

@proceedings{DBLP:conf/eurocrypt/2016-1,
	editor    = {Marc Fischlin and
		Jean{-}S{\'{e}}bastien Coron},
	title     = {Advances in Cryptology --- {EUROCRYPT} 2016},
	series    = {Lecture Notes in Computer Science},
	volume    = {9665},
	publisher = {Springer},
	year      = {2016},
	ee       = {http://dx.doi.org/10.1007/978-3-662-49890-3},
	doi       = {10.1007/978-3-662-49890-3},
	isbn      = {978-3-662-49889-7},
	timestamp = {Fri, 29 Apr 2016 15:20:18 +0200},
	biburl    = {http://dblp.uni-trier.de/rec/bib/conf/eurocrypt/2016-1},
	bibsource = {dblp computer science bibliography, http://dblp.org}
}

@inproceedings{DBLP:conf/asiacrypt/BosK12,
	author    = {Joppe W. Bos and
		Thorsten Kleinjung},
	title     = {{{ECM} at Work}},
	booktitle = {ASIACRYPT 2012},
	pages     = {467--484},
	year      = {2012},
	crossref  = {DBLP:conf/asiacrypt/2012},
	ee       = {http://dx.doi.org/10.1007/978-3-642-34961-4_29},
	doi       = {10.1007/978-3-642-34961-4_29},
	timestamp = {Tue, 20 Nov 2012 14:23:13 +0100},
	biburl    = {http://dblp.uni-trier.de/rec/bib/conf/asiacrypt/BosK12},
	bibsource = {dblp computer science bibliography, http://dblp.org}
}

@proceedings{DBLP:conf/asiacrypt/2012,
	editor    = {Xiaoyun Wang and
		Kazue Sako},
	title     = {Advances in Cryptology --- {ASIACRYPT} 2012},
	series    = {Lecture Notes in Computer Science},
	volume    = {7658},
	publisher = {Springer},
	year      = {2012},
	ee       = {http://dx.doi.org/10.1007/978-3-642-34961-4},
	doi       = {10.1007/978-3-642-34961-4},
	isbn      = {978-3-642-34960-7},
	timestamp = {Tue, 20 Nov 2012 14:20:19 +0100},
	biburl    = {http://dblp.uni-trier.de/rec/bib/conf/asiacrypt/2012},
	bibsource = {dblp computer science bibliography, http://dblp.org}
}

@inproceedings{DBLP:conf/ches/MieleBKL14,
	author    = {Andrea Miele and
		Joppe W. Bos and
			Thorsten Kleinjung and
			Arjen K. Lenstra},
	title     = {{Cofactorization on Graphics Processing Units}},
	booktitle = {CHES 2014},
	pages     = {335--352},
	year      = {2014},
	crossref  = {DBLP:conf/ches/2014},
	ee       = {http://dx.doi.org/10.1007/978-3-662-44709-3_19},
	doi       = {10.1007/978-3-662-44709-3_19},
	timestamp = {Mon, 15 Sep 2014 12:09:43 +0200},
	biburl    = {http://dblp.uni-trier.de/rec/bib/conf/ches/MieleBKL14},
	bibsource = {dblp computer science bibliography, http://dblp.org}
}

@proceedings{DBLP:conf/ches/2014,
	editor    = {Lejla Batina and
		Matthew Robshaw},
	title     = {Cryptographic Hardware and Embedded Systems --- {CHES} 2014},
	series    = {Lecture Notes in Computer Science},
	volume    = {8731},
	publisher = {Springer},
	year      = {2014},
	ee       = {http://dx.doi.org/10.1007/978-3-662-44709-3},
	doi       = {10.1007/978-3-662-44709-3},
	isbn      = {978-3-662-44708-6},
	timestamp = {Mon, 15 Sep 2014 12:07:25 +0200},
	biburl    = {http://dblp.uni-trier.de/rec/bib/conf/ches/2014},
	bibsource = {dblp computer science bibliography, http://dblp.org}
}

@phdthesis{DBLP:phd/hal/Jeljeli15,
	author    = {Hamza Jeljeli},
	title     = {{Acc{\'{e}}l{\'{e}}rateurs logiciels et mat{\'{e}}riels
		pour l'alg{\`{e}}bre lin{\'{e}}aire creuse sur les corps finis.
			(Hardware and Software Accelerators for Sparse Linear Algebra over
			 Finite Fields)}},
	school    = {University of Lorraine, Nancy, France},
	year      = {2015},
	ee       = {https://tel.archives-ouvertes.fr/tel-01178931},
	timestamp = {Mon, 04 Jul 2016 22:33:35 +0200},
	biburl    = {http://dblp.uni-trier.de/rec/bib/phd/hal/Jeljeli15},
	bibsource = {dblp computer science bibliography, http://dblp.org}
}



@inproceedings{DBLP:conf/eurocrypt/BarbulescuGGM15,
	author    = {Razvan Barbulescu and
		Pierrick Gaudry and
			Aurore Guillevic and
			Fran{\c{c}}ois Morain},
	title     = {{Improving {NFS} for the Discrete Logarithm Problem in Non-prime Finite
		Fields}},
	booktitle = {EUROCRYPT 2015},
	pages     = {129--155},
	year      = {2015},
	crossref  = {DBLP:conf/eurocrypt/2015-1},
	ee       = {http://dx.doi.org/10.1007/978-3-662-46800-5_6},
	doi       = {10.1007/978-3-662-46800-5_6},
	timestamp = {Tue, 14 Apr 2015 13:51:12 +0200},
	biburl    = {http://dblp.uni-trier.de/rec/bib/conf/eurocrypt/BarbulescuGGM15},
	bibsource = {dblp computer science bibliography, http://dblp.org}
}

@proceedings{DBLP:conf/eurocrypt/2015-1,
	editor    = {Elisabeth Oswald and
		Marc Fischlin},
	title     = {Advances in Cryptology --- {EUROCRYPT} 2015},
	series    = {Lecture Notes in Computer Science},
	volume    = {9056},
	publisher = {Springer},
	year      = {2015},
	ee       = {http://dx.doi.org/10.1007/978-3-662-46800-5},
	doi       = {10.1007/978-3-662-46800-5},
	isbn      = {978-3-662-46799-2},
	timestamp = {Tue, 14 Apr 2015 13:48:42 +0200},
	biburl    = {http://dblp.uni-trier.de/rec/bib/conf/eurocrypt/2015-1},
	bibsource = {dblp computer science bibliography, http://dblp.org}
}



@inproceedings{DBLP:conf/crypto/Joux04,
	author    = {Antoine Joux},
	title     = {{Multicollisions in Iterated Hash Functions. Application to Cascaded
		Constructions}},
	booktitle = {{CRYPTO} 2004},
	pages     = {306--316},
	year      = {2004},
	crossref  = {DBLP:conf/crypto/2004},
	ee       = {http://dx.doi.org/10.1007/978-3-540-28628-8_19},
	doi       = {10.1007/978-3-540-28628-8_19},
	timestamp = {Thu, 07 Jul 2011 15:50:00 +0200},
	biburl    = {http://dblp.uni-trier.de/rec/bib/conf/crypto/Joux04},
	bibsource = {dblp computer science bibliography, http://dblp.org}
}

@inproceedings{DBLP:conf/crypto/CoronDMP05,
	author    = {Jean{-}S{\'{e}}bastien Coron and
		Yevgeniy Dodis and
			C{\'{e}}cile Malinaud and
			Prashant Puniya},
	title     = {{Merkle-Damg{\aa}rd Revisited: How to Construct a Hash Function}},
	booktitle = {{CRYPTO} 2005},
	pages     = {430--448},
	year      = {2005},
	crossref  = {DBLP:conf/crypto/2005},
	ee       = {http://dx.doi.org/10.1007/11535218_26},
	doi       = {10.1007/11535218_26},
	timestamp = {Fri, 04 Nov 2005 09:54:52 +0100},
	biburl    = {http://dblp.uni-trier.de/rec/bib/conf/crypto/CoronDMP05},
	bibsource = {dblp computer science bibliography, http://dblp.org}
}



@inproceedings{DBLP:conf/asiacrypt/Lucks05,
	author    = {Stefan Lucks},
	title     = {{A Failure-Friendly Design Principle for Hash Functions}},
	booktitle = {{ASIACRYPT} 2005},
	pages     = {474--494},
	year      = {2005},
	crossref  = {DBLP:conf/asiacrypt/2005},
	ee       = {http://dx.doi.org/10.1007/11593447_26},
	doi       = {10.1007/11593447_26},
	timestamp = {Wed, 31 May 2006 09:15:43 +0200},
	biburl    = {http://dblp.uni-trier.de/rec/bib/conf/asiacrypt/Lucks05},
	bibsource = {dblp computer science bibliography, http://dblp.org}
}

@proceedings{DBLP:conf/asiacrypt/2005,
	editor    = {Bimal K. Roy},
	title     = {Advances in Cryptology --- {ASIACRYPT} 2005},
	series    = {Lecture Notes in Computer Science},
	volume    = {3788},
	publisher = {Springer},
	year      = {2005},
	isbn      = {3-540-30684-6},
	timestamp = {Wed, 31 May 2006 09:15:43 +0200},
	biburl    = {http://dblp.uni-trier.de/rec/bib/conf/asiacrypt/2005},
	bibsource = {dblp computer science bibliography, http://dblp.org}
}

@inproceedings{DBLP:conf/tcc/MaurerRH04,
	author    = {Ueli M. Maurer and
		Renato Renner and
			Clemens Holenstein},
	title     = {{Indifferentiability, Impossibility Results on Reductions, and Applications
		to the Random Oracle Methodology}},
	booktitle = {{TCC} 2004},
	pages     = {21--39},
	year      = {2004},
	crossref  = {DBLP:conf/tcc/2004},
	ee       = {http://dx.doi.org/10.1007/978-3-540-24638-1_2},
	doi       = {10.1007/978-3-540-24638-1_2},
	timestamp = {Wed, 06 Jul 2011 21:21:21 +0200},
	biburl    = {http://dblp.uni-trier.de/rec/bib/conf/tcc/MaurerRH04},
	bibsource = {dblp computer science bibliography, http://dblp.org}
}

@proceedings{DBLP:conf/tcc/2004,
	editor    = {Moni Naor},
	title     = {Theory of Cryptography --- {TCC} 2004},
	series    = {Lecture Notes in Computer Science},
	volume    = {2951},
	publisher = {Springer},
	year      = {2004},
	isbn      = {3-540-21000-8},
	timestamp = {Wed, 24 Mar 2004 11:19:57 +0100},
	biburl    = {http://dblp.uni-trier.de/rec/bib/conf/tcc/2004},
	bibsource = {dblp computer science bibliography, http://dblp.org}
}

@inproceedings{DBLP:conf/eurocrypt/BertoniDPA08,
	author    = {Guido Bertoni and
		Joan Daemen and
			Micha{\"{e}}l Peeters and
			Gilles Van Assche},
	title     = {{On the Indifferentiability of the Sponge Construction}},
	booktitle = {{EUROCRYPT} 2008},
	pages     = {181--197},
	year      = {2008},
	crossref  = {DBLP:conf/eurocrypt/2008},
	ee       = {http://dx.doi.org/10.1007/978-3-540-78967-3_11},
	doi       = {10.1007/978-3-540-78967-3_11},
	timestamp = {Wed, 08 Apr 2015 12:40:10 +0200},
	biburl    = {http://dblp.uni-trier.de/rec/bib/conf/eurocrypt/BertoniDPA08},
	bibsource = {dblp computer science bibliography, http://dblp.org}
}

@proceedings{DBLP:conf/eurocrypt/2008,
	editor    = {Nigel P. Smart},
	title     = {Advances in Cryptology --- {EUROCRYPT} 2008},
	series    = {Lecture Notes in Computer Science},
	volume    = {4965},
	publisher = {Springer},
	year      = {2008},
	isbn      = {978-3-540-78966-6},
	timestamp = {Tue, 15 Apr 2008 15:20:18 +0200},
	biburl    = {http://dblp.uni-trier.de/rec/bib/conf/eurocrypt/2008},
	bibsource = {dblp computer science bibliography, http://dblp.org}
}

@misc{KeccakReference,
	author        = {Guido Bertoni and
		Joan Daemen and
			Micha{\"{e}}l Peeters and
			Gilles Van Assche},
	title         = {The {{\sc Keccak}} reference},
	ee          = {http://keccak.noekeon.org/Keccak-reference-3.0.pdf},
	month         = {January},
	year          = {2011}
}

@misc{SpongeFunctions,
	author        = {Guido Bertoni and
		Joan Daemen and
			Micha{\"{e}}l Peeters and
			Gilles Van Assche},
	howpublished = {Ecrypt Hash Workshop 2007},
	title        = {Sponge functions},
	month        = {May},
	ee          = {http://sponge.noekeon.org/SpongeFunctions.pdf},
	year         = {2007},
}

@book{DBLP:books/sp/BosselaersP95,
	editor    = {Antoon Bosselaers and
		Bart Preneel},
	title     = {{Integrity Primitives for Secure Information Systems, Final Report
		of {RACE} Integrity Primitives Evaluation {RIPE-RACE} 1040}},
	series    = {Lecture Notes in Computer Science},
	volume    = {1007},
	publisher = {Springer},
	year      = {1995},
	ee       = {http://dx.doi.org/10.1007/3-540-60640-8},
	doi       = {10.1007/3-540-60640-8},
	isbn      = {3-540-60640-8},
	timestamp = {Thu, 28 Nov 2013 14:38:03 +0100},
	biburl    = {http://dblp.uni-trier.de/rec/bib/books/sp/BosselaersP95},
	bibsource = {dblp computer science bibliography, http://dblp.org}
}



@inproceedings{DBLP:conf/fse/DobbertinBP96,
	author    = {Hans Dobbertin and
		Antoon Bosselaers and
			Bart Preneel},
	title     = {{{RIPEMD-160:} {A} Strengthened Version of {RIPEMD}}},
	booktitle = {FSE 1996},
	pages     = {71--82},
	year      = {1996},
	crossref  = {DBLP:conf/fse/1996},
	ee       = {http://dx.doi.org/10.1007/3-540-60865-6_44},
	doi       = {10.1007/3-540-60865-6_44},
	timestamp = {Wed, 15 Jun 2011 15:38:59 +0200},
	biburl    = {http://dblp.uni-trier.de/rec/bib/conf/fse/DobbertinBP96},
	bibsource = {dblp computer science bibliography, http://dblp.org}
}

@proceedings{DBLP:conf/fse/1996,
	editor    = {Dieter Gollmann},
	title     = {Fast Software Encryption --- FSE '96},
	series    = {Lecture Notes in Computer Science},
	volume    = {1039},
	publisher = {Springer},
	year      = {1996},
	isbn      = {3-540-60865-6},
	timestamp = {Tue, 01 Jan 2008 21:32:57 +0100},
	biburl    = {http://dblp.uni-trier.de/rec/bib/conf/fse/1996},
	bibsource = {dblp computer science bibliography, http://dblp.org}
}

@inproceedings{DBLP:conf/crypto/EspitauFK15,
	author    = {Thomas Espitau and
		Pierre{-}Alain Fouque and
			Pierre Karpman},
	title     = {{Higher-Order Differential Meet-in-the-middle Preimage Attacks on {SHA-1}
		and {BLAKE}}},
	booktitle = {Advances in Cryptology - {CRYPTO} 2015 - 35th Annual Cryptology Conference,
		Santa Barbara, CA, USA, August 16-20, 2015, Proceedings, Part {I}},
	pages     = {683--701},
	year      = {2015},
	crossref  = {DBLP:conf/crypto/2015-1},
	ee       = {http://dx.doi.org/10.1007/978-3-662-47989-6_33},
	doi       = {10.1007/978-3-662-47989-6_33},
	timestamp = {Mon, 03 Aug 2015 13:28:10 +0200},
	biburl    = {http://dblp.uni-trier.de/rec/bib/conf/crypto/EspitauFK15},
	bibsource = {dblp computer science bibliography, http://dblp.org}
}

@inproceedings{DBLP:conf/crypto/Merkle87,
	author    = {Ralph C. Merkle},
	title     = {{A Digital Signature Based on a Conventional Encryption Function}},
	booktitle = {CRYPTO '87},
	pages     = {369--378},
	year      = {1987},
	crossref  = {DBLP:conf/crypto/1987},
	ee       = {http://dx.doi.org/10.1007/3-540-48184-2_32},
	doi       = {10.1007/3-540-48184-2_32},
	timestamp = {Fri, 18 Sep 2009 08:18:18 +0200},
	biburl    = {http://dblp.uni-trier.de/rec/bib/conf/crypto/Merkle87},
	bibsource = {dblp computer science bibliography, http://dblp.org}
}

@proceedings{DBLP:conf/crypto/1987,
	editor    = {Carl Pomerance},
	title     = {Advances in Cryptology --- {CRYPTO} '87},
	series    = {Lecture Notes in Computer Science},
	volume    = {293},
	publisher = {Springer},
	year      = {1988},
	isbn      = {3-540-18796-0},
	timestamp = {Thu, 07 Feb 2002 09:45:48 +0100},
	biburl    = {http://dblp.uni-trier.de/rec/bib/conf/crypto/1987},
	bibsource = {dblp computer science bibliography, http://dblp.org}
}



@inproceedings{DBLP:conf/crypto/BellareCK96,
	author    = {Mihir Bellare and
		Ran Canetti and
			Hugo Krawczyk},
	title     = {{Keying Hash Functions for Message Authentication}},
	booktitle = {CRYPTO '96},
	pages     = {1--15},
	year      = {1996},
	crossref  = {DBLP:conf/crypto/1996},
	ee       = {http://dx.doi.org/10.1007/3-540-68697-5_1},
	doi       = {10.1007/3-540-68697-5_1},
	timestamp = {Fri, 18 Sep 2009 11:21:40 +0200},
	biburl    = {http://dblp.uni-trier.de/rec/bib/conf/crypto/BellareCK96},
	bibsource = {dblp computer science bibliography, http://dblp.org}
}

@proceedings{DBLP:conf/crypto/1996,
	editor    = {Neal Koblitz},
	title     = {Advances in Cryptology --- {CRYPTO} '96},
	series    = {Lecture Notes in Computer Science},
	volume    = {1109},
	publisher = {Springer},
	year      = {1996},
	isbn      = {3-540-61512-1},
	timestamp = {Thu, 03 Jan 2002 11:55:47 +0100},
	biburl    = {http://dblp.uni-trier.de/rec/bib/conf/crypto/1996},
	bibsource = {dblp computer science bibliography, http://dblp.org}
}



@inproceedings{DBLP:conf/crypto/BlackHKKR99,
	author    = {John Black and
		Shai Halevi and
			Hugo Krawczyk and
			Ted Krovetz and
			Phillip Rogaway},
	title     = {{{UMAC:} Fast and Secure Message Authentication}},
	booktitle = {CRYPTO '99},
	pages     = {216--233},
	year      = {1999},
	crossref  = {DBLP:conf/crypto/1999},
	ee       = {http://dx.doi.org/10.1007/3-540-48405-1_14},
	doi      = {10.1007/3-540-48405-1_14},
	timestamp = {Fri, 18 Sep 2009 12:20:27 +0200},
	biburl    = {http://dblp.uni-trier.de/rec/bib/conf/crypto/BlackHKKR99},
	bibsource = {dblp computer science bibliography, http://dblp.org}
}

@proceedings{DBLP:conf/crypto/1999,
	editor    = {Michael J. Wiener},
	title     = {Advances in Cryptology --- {CRYPTO} '99},
	series    = {Lecture Notes in Computer Science},
	volume    = {1666},
	publisher = {Springer},
	year      = {1999},
	isbn      = {3-540-66347-9},
	timestamp = {Thu, 03 Jan 2002 11:55:47 +0100},
	biburl    = {http://dblp.uni-trier.de/rec/bib/conf/crypto/1999},
	bibsource = {dblp computer science bibliography, http://dblp.org}
}

@inproceedings{DBLP:conf/eurocrypt/KelseyS05,
	author    = {John Kelsey and
		Bruce Schneier},
	title     = {{Second Preimages on n-Bit Hash Functions for Much Less than $2^n$ Work}},
	booktitle = {EUROCRYPT 2005},
	pages     = {474--490},
	year      = {2005},
	crossref  = {DBLP:conf/eurocrypt/2005},
	ee       = {http://dx.doi.org/10.1007/11426639_28},
	doi       = {10.1007/11426639_28},
	timestamp = {Fri, 20 May 2005 09:43:18 +0200},
	biburl    = {http://dblp.uni-trier.de/rec/bib/conf/eurocrypt/KelseyS05},
	bibsource = {dblp computer science bibliography, http://dblp.org}
}

@phdthesis{dean,
	title={{Formal Aspects of Mobile Code Security}},
	author={Richard Drews Dean},
	year={1999},
	month={January},
	school = {Princeton University},
}
